@article{poon-domingos,
  author  = "Hoifung Poon and Pedro Domingos",
  title   = "Sum-Product Networks: A New Deep Architecture",
  year    = "2011",
  journal = "Uncertainty in Artificial Intelligence",
  volume  = "27"
},

@article{gens-domingos,
  author  = "Robert Gens and Pedro Domingos",
  title   = "Learning the Structure of Sum-Product Networks",
  year    = "2013",
  journal = "International Conference on Machine Learning",
  volume  = "30"
},

@article{greedy-search,
  author  = "Aaron Dennis and Dan Ventura",
  title   = "Greedy Structure Search for Sum-Product Networks",
  year    = "2015",
  journal = "International Joint Conference on Artificial Intelligence",
  volume  = "24"
},

@article{clustering,
  author  = "Aaron Dennis and Dan Ventura",
  title   = "Learning the Architecture of Sum-Product Networks Using Clustering on Variables",
  year    = "2012",
  journal = "Advances in Neural Information Processing Systems",
  volume  = "25"
},

@article{non-parametric-bayesian,
  author  = "Sang-Woo Lee and Christopher Watkins and Byoung-Tak Zhang",
  title   = "Non-Parametric Bayesian Sum-Product Networks",
  year    = "2014",
  journal = "Workshop on Learning Tractable Probabilistic Models"
},

@misc{website:spn-uwashington,
  author  = "Department of Computer Science, University of Washington",
  title   = "Sum-Product Networks",
  url     = "http://spn.cs.washington.edu/index.shtml"
},

@misc{website:poon-domingos-code,
  author  = "Pedro Domingos and Hoifung Poon",
  title   = "Sum-Product Networks: A New Deep Architecture (Code)",
  note    = "URL: \url{http://spn.cs.washington.edu/spn/}",
  url     = "http://spn.cs.washington.edu/spn/"
},

@book{bayes-net-darwiche,
  author    = "Adnan Darwiche",
  title     = "Modeling and Reasoning with Bayesian Networks",
  year      = "2009",
  edition   = "1st Edition",
  publisher = "Cambridge University Press"
},

@report{project-def,
  author  = "Renato Lui Geh",
  title   = "Aprendizado Automático de Sum-Product Networks (SPN)",
  year    = "2015",
  url     = "http://www.ime.usp.br/~renatolg/mac0215/doc/project/relatorio.pdf"
},

@report{report-1,
  author  = "Renato Lui Geh",
  title   = "Modeling and Reasoning with Bayesian Networks: Compiling Bayesian Networks",
  year    = "2015",
  number  = "1",
  url     = "http://www.ime.usp.br/~renatolg/mac0215/doc/reports/week1/relatorio.pdf"
},

@report{report-2,
  author  = "Renato Lui Geh",
  title   = "Modeling and Reasoning with Bayesian Networks: Inference by Variable Elimination 6.1-6.5",
  year    = "2015",
  number  = "2",
  url     = "http://www.ime.usp.br/~renatolg/mac0215/doc/reports/week2/relatorio.pdf"
},

@report{report-5,
  author  = "Renato Lui Geh",
  title   = "Modeling and Reasoning with Bayesian Networks: Inference by Variable Elimination 6.6-6.9",
  year    = "2015",
  number  = "3",
  url     = "http://www.ime.usp.br/~renatolg/mac0215/doc/reports/week5/relatorio.pdf"
},

@report{report-8,
  author  = "Renato Lui Geh",
  title   = "Modeling and Reasoning with Bayesian Networks: Inference with Local Structure 13.1-13.3",
  year    = "2015",
  number  = "4",
  url     = "http://www.ime.usp.br/~renatolg/mac0215/doc/reports/week8/relatorio.pdf"
},

@report{report-9,
  author  = "Renato Lui Geh",
  title   = "Uma Introdução a Sum-Product Networks",
  year    = "2015",
  number  = "5",
  url     = "http://www.ime.usp.br/~renatolg/mac0215/doc/reports/week9/relatorio.pdf"
}
